@manual{syn,
  title   = {Vivado Design Suite User Guide: Synthesis},
  author  = {Xilinx},
  edition = {2017.1},
  mark    = {K},
  date    = {2017-04-05},
  urldate = {2020-09-20},
  url     = {https://www.xilinx.com/support/documentation/sw_manuals/xilinx2017_1/ug901-vivado-synthesis.pdf}
}

@manual{dmg,
  title   = {Distributed Memory
Generator v8.0},
  author  = {Xilinx},
  mark    = {K},
  date    = {2015-11-18},
  urldate = {2020-09-20},
  url     = {https://www.xilinx.com/support/documentation/ip_documentation/dist_mem_gen/v8_0/pg063-dist-mem-gen.pdf}
}

@book{计算机组成与设计,
  title      = {计算机组成与设计:硬件/软件接口},
  author     = {DavidA.Patterson and JohnL.Hennessy},
  publisher  = {机械工业出版社},
  address    = {北京},
  year       = {2020},
  translator = {王党辉, 康继昌, 安建峰}
}